<?xml version="1.0" encoding="UTF-8"?><collection xmlns="http://www.loc.gov/MARC21/slim"><record><leader>00378nam--2200145-i-4500</leader><controlfield tag="001">000033414</controlfield><controlfield tag="002">20161230</controlfield><controlfield tag="005">20161230201039</controlfield><controlfield tag="008">060222s1000------------r-----000-0-eng-d</controlfield><datafield ind1=" " ind2=" " tag="080"><subfield code="a">530.145</subfield></datafield><datafield ind1=" " ind2=" " tag="100"><subfield code="a">Mugur-schachter, Mioara</subfield></datafield><datafield ind1=" " ind2=" " tag="245"><subfield code="a">Etude du caractere complet de la theorie quantique</subfield></datafield><datafield ind1=" " ind2=" " tag="260"><subfield code="a">Paris, Gauthier-villars, 1964, Xii + 76p</subfield></datafield><datafield ind1=" " ind2=" " tag="490"><subfield code="a">18</subfield></datafield><datafield ind1=" " ind2=" " tag="852"><subfield code="a">21790</subfield></datafield></record></collection>